<marc:record xmlns:marc="http://www.loc.gov/MARC21/slim" xmlns:xsi="http://www.w3.org/2001/XMLSchema-instance" xsi:schemaLocation="http://www.loc.gov/MARC21/slim http://www.loc.gov/standards/marcxml/schema/MARC21slim.xsd">
  <marc:leader>     nam a2200253 a 4500</marc:leader>
  <marc:controlfield tag="001">001682802</marc:controlfield>
  <marc:controlfield tag="003">NNU</marc:controlfield>
  <marc:controlfield tag="005">20001219003419.0</marc:controlfield>
  <marc:controlfield tag="008">900926s1947    ua       b    000 0 araod</marc:controlfield>
  <marc:datafield tag="035" ind1="9" ind2=" ">
    <marc:subfield code="a">NYUb12226219</marc:subfield>
  </marc:datafield>
  <marc:datafield tag="035" ind1=" " ind2=" ">
    <marc:subfield code="a">(CStRLIN)NHDG90-B21166</marc:subfield>
  </marc:datafield>
  <marc:datafield tag="040" ind1=" " ind2=" ">
    <marc:subfield code="a">NhD</marc:subfield>
    <marc:subfield code="c">NhD</marc:subfield>
  </marc:datafield>
  <marc:datafield tag="100" ind1="1" ind2=" ">
    <marc:subfield code="a">Ḥusayn, Ṭāhā,</marc:subfield>
    <marc:subfield code="d">1889-1973.</marc:subfield>
  </marc:datafield>
  <marc:datafield tag="245" ind1="1" ind2="0">
    <marc:subfield code="a">Fī al-adab al-Jāhilī /</marc:subfield>
    <marc:subfield code="c">Ṭāhā Ḥusayn.</marc:subfield>
  </marc:datafield>
  <marc:datafield tag="250" ind1=" " ind2=" ">
    <marc:subfield code="a">al-Ṭabʻah 4.</marc:subfield>
  </marc:datafield>
  <marc:datafield tag="260" ind1=" " ind2=" ">
    <marc:subfield code="a">Misr :</marc:subfield>
    <marc:subfield code="b">Dār al-Maʻārif,</marc:subfield>
    <marc:subfield code="c">1947.</marc:subfield>
  </marc:datafield>
  <marc:datafield tag="300" ind1=" " ind2=" ">
    <marc:subfield code="a">371 p. ;</marc:subfield>
    <marc:subfield code="c">20 cm.</marc:subfield>
  </marc:datafield>
  <marc:datafield tag="500" ind1=" " ind2=" ">
    <marc:subfield code="a">First published in 1926 as: Fī al-shiʻr al-Jāhilī.</marc:subfield>
  </marc:datafield>
  <marc:datafield tag="504" ind1=" " ind2=" ">
    <marc:subfield code="a">Includes bibliographical references.</marc:subfield>
  </marc:datafield>
  <marc:datafield tag="650" ind1=" " ind2="0">
    <marc:subfield code="a">Arabic poetry</marc:subfield>
    <marc:subfield code="y">To 622</marc:subfield>
    <marc:subfield code="x">History and criticism.</marc:subfield>
  </marc:datafield>
  <marc:datafield tag="650" ind1=" " ind2="0">
    <marc:subfield code="a">Arabic literature</marc:subfield>
    <marc:subfield code="y">To 622</marc:subfield>
    <marc:subfield code="x">History and criticism.</marc:subfield>
  </marc:datafield>
  <marc:datafield tag="700" ind1="1" ind2=" ">
    <marc:subfield code="a">Ḥusayn, Ṭāhā,</marc:subfield>
    <marc:subfield code="d">1889-1973.</marc:subfield>
    <marc:subfield code="t">Fī al-shiʻr al-Jāhilī.</marc:subfield>
    <marc:subfield code="f">1947.</marc:subfield>
  </marc:datafield>
  <marc:datafield tag="950" ind1=" " ind2=" ">
    <marc:subfield code="l">BMAIN</marc:subfield>
    <marc:subfield code="a">PJ7526</marc:subfield>
    <marc:subfield code="b">.T3 1947</marc:subfield>
  </marc:datafield>
  <marc:datafield tag="955" ind1=" " ind2=" ">
    <marc:subfield code="l">BMAIN</marc:subfield>
    <marc:subfield code="c">1</marc:subfield>
    <marc:subfield code="r">002991720</marc:subfield>
  </marc:datafield>
  <marc:datafield tag="998" ind1=" " ind2=" ">
    <marc:subfield code="s">9114</marc:subfield>
  </marc:datafield>
</marc:record>
